@book{gfalop,
  title={Geometric folding algorithms},
  author={Demaine, Erik and O'Rourke, Joseph},
  year={2007},
  publisher={Cambridge University Press}
}

@book{alex,
title={Convex Polyhedra},
author={Alexandr Alexandrov},
year={2005},
  publisher={Springer-Verlag, Berlin},
note={Translation from Russian}
}

@book{alex-ru,
	author = {Aлександр Александров},
	title = {Выпуклые многогранники},
	publisher = {Государственное издательство технико-теоретической литературы},
	year = {1950},
	address = {Образцовая типография имени {Жданова}, {Москва}}
}

@article{boben,
     author = {Bobenko,~A.I. and Izmestiev,~I.},
     title = {Alexandrov's theorem, weighted {Delaunay} triangulations, and mixed volumes},
     journal = {Annales de l'Institut Fourier},
     publisher = {Association des Annales de l'institut Fourier},
     volume = {58},
     number = {2},
     year = {2008},
     pages = {447-505},
     doi = {10.5802/aif.2358},
     mrnumber = {2410380},
     zbl = {1154.52005},
     language = {en},
     url = {http://www.numdam.org/item/AIF_2008__58_2_447_0}
}

@book{vd-new,
     title={Voronoi Diagrams and Delaunay Triangulations},
     author={Aurenhammer, Franz and Klein, Rolf and Lee, Der-Tsai},
     publisher={World Scientific Publishing Company},
     year={2013}, month={August}
}

@article{incremental-vd,
  author    = {Sarah R. Allen and
               Luis Barba and
               John Iacono and
               Stefan Langerman},
  title     = {Incremental Voronoi Diagrams},
  journal   = {Discrete {\&} Computational Geometry},
  volume    = {58},
  number    = {4},
  pages     = {822--848},
  year      = {2017},
  url       = {https://doi.org/10.1007/s00454-017-9943-2},
  doi       = {10.1007/s00454-017-9943-2},
  timestamp = {Fri, 30 Nov 2018 00:00:00 +0100},
  biburl    = {https://dblp.org/rec/bib/journals/dcg/AllenBIL17},
  bibsource = {dblp computer science bibliography, https://dblp.org}
}

@article{v-vd,
     title={Nouvelles applications des paramètres continus à la théorie de formes quadratiques},
     journal={Journal für die reine und angewandte Mathematik},
     author={G.F. Voronoi},
     year={1908},
     volume={134}, pages={198–287}
}